<?xml version="1.0" encoding="UTF-8"?><collection xmlns="http://www.loc.gov/MARC21/slim"><record><leader>00565nam--2200193-i-4500</leader><controlfield tag="001">000019328</controlfield><controlfield tag="002">20161230</controlfield><controlfield tag="005">20161230201033</controlfield><controlfield tag="008">060222s1000------------r-----000-0-rus-d</controlfield><datafield ind1=" " ind2=" " tag="040"><subfield code="a">IFIN-HH</subfield></datafield><datafield ind1=" " ind2=" " tag="041"><subfield code="a">rus</subfield></datafield><datafield ind1=" " ind2=" " tag="080"><subfield code="a">539.1.07</subfield></datafield><datafield ind1="1" ind2=" " tag="100"><subfield code="a">Bocekarev, V</subfield></datafield><datafield ind1="1" ind2="0" tag="245"><subfield code="a">Izmerenie aktivnosti isotocenikov beta- i gamma- izlucenii</subfield><subfield code="c">V. bocekarev, i. keirim-markus, m. lvova, ia. pruslin</subfield></datafield><datafield ind1=" " ind2=" " tag="260"><subfield code="a">Moskva</subfield><subfield code="b">Izdatelstvo Akademii Nauk Sssr</subfield><subfield code="c">1953</subfield></datafield><datafield ind1=" " ind2=" " tag="300"><subfield code="a">242P</subfield></datafield><datafield ind1="1" ind2=" " tag="700"><subfield code="a">Pruslin, Ia</subfield></datafield><datafield ind1=" " ind2=" " tag="852"><subfield code="a">3715</subfield><subfield code="c">539.1.07:539.1.08</subfield></datafield><datafield ind1=" " ind2=" " tag="CAT"><subfield code="a">Sys</subfield><subfield code="c">20111014</subfield><subfield code="h">135158</subfield></datafield></record></collection>